@article{prum2015comprehensive,
	title={A comprehensive phylogeny of birds (Aves) using targeted next-generation DNA sequencing},
	author={Prum, Richard O and Berv, Jacob S and Dornburg, Alex and Field, Daniel J and Townsend, Jeffrey P and Lemmon, Emily Moriarty and Lemmon, Alan R},
	journal={Nature},
	volume={526},
	number={7574},
	pages={569--573},
	year={2015},
	publisher={Nature Publishing Group}
}

@article{longrich2011mass,
	title={Mass extinction of birds at the Cretaceous--Paleogene (K--Pg) boundary},
	author={Longrich, Nicholas R and Tokaryk, Tim and Field, Daniel J},
	journal={Proceedings of the National Academy of Sciences},
	volume={108},
	number={37},
	pages={15253--15257},
	year={2011},
	publisher={National Acad Sciences}
}

@article{berv2018genomic,
	title={Genomic signature of an avian Lilliput effect across the K-Pg extinction},
	author={Berv, Jacob S and Field, Daniel J},
	journal={Systematic Biology},
	volume={67},
	number={1},
	pages={1--13},
	year={2018},
	publisher={Oxford University Press}
}

@article{field2018early,
	title={Early evolution of modern birds structured by global forest collapse at the end-Cretaceous mass extinction},
	author={Field, Daniel J and Bercovici, Antoine and Berv, Jacob S and Dunn, Regan and Fastovsky, David E and Lyson, Tyler R and Vajda, Vivi and Gauthier, Jacques A},
	journal={Current Biology},
	volume={28},
	number={11},
	pages={1825--1831},
	year={2018},
	publisher={Elsevier}
}

@article{field2020late,
	title={Late Cretaceous neornithine from Europe illuminates the origins of crown birds},
	author={Field, Daniel J and Benito, Juan and Chen, Albert and Jagt, John WM and Ksepka, Daniel T},
	journal={Nature},
	volume={579},
	number={7799},
	pages={397--401},
	year={2020},
	publisher={Nature Publishing Group}
}

@article{de2009cell,
	title={Cell kinetics of the marine sponge Halisarca caerulea reveal rapid cell turnover and shedding},
	author={De Goeij, Jasper M and De Kluijver, A and Van Duyl, FC and Vacelet, J and Wijffels, RH and De Goeij, AFPM and Cleutjens, JPM and Schutte, B},
	journal={Journal of Experimental Biology},
	volume={212},
	number={23},
	pages={3892--3900},
	year={2009},
	publisher={Company of Biologists}
}

@article{antich2021marine,
	title={Marine biomonitoring with eDNA: Can metabarcoding of water samples cut it as a tool for surveying benthic communities?},
	author={Antich, Adri{\`a} and Palac{\'\i}n, Cruz and Cebrian, Emma and Golo, Ra{\"u}l and Wangensteen, Owen S and Turon, Xavier},
	journal={Molecular Ecology},
	volume={30},
	number={13},
	pages={3175--3188},
	year={2021},
	publisher={Wiley Online Library}
}
