@article{rowcliffe2016wildlife,
	title={Wildlife speed cameras: measuring animal travel speed and day range using camera traps},
	author={Rowcliffe, J Marcus and Jansen, Patrick A and Kays, Roland and Kranstauber, Bart and Carbone, Chris},
	journal={Remote Sensing in Ecology and Conservation},
	volume={2},
	number={2},
	pages={84--94},
	year={2016},
	publisher={Wiley Online Library}
}

@article{palencia2021innovations,
	title={Innovations in movement and behavioural ecology from camera traps: day range as model parameter},
	author={Palencia, Pablo and Fern{\'a}ndez-L{\'o}pez, Javier and Vicente, Joaqu{\'\i}n and Acevedo, Pelayo},
	journal={Methods in Ecology and Evolution},
	year={2021},
	publisher={Wiley Online Library}
}

@article{rowcliffe2008estimating,
	title={Estimating animal density using camera traps without the need for individual recognition},
	author={Rowcliffe, J Marcus and Field, Juliet and Turvey, Samuel T and Carbone, Chris},
	journal={Journal of Applied Ecology},
	volume={45},
	number={4},
	pages={1228--1236},
	year={2008},
	publisher={Wiley Online Library}
}

@article{patil2006weighted,
	title={Weighted distributions},
	author={Patil, Ganapati P},
	journal={Encyclopedia of environmetrics},
	volume={6},
	year={2006},
	publisher={Wiley Online Library}
}

@article{schmidt1972locomotion,
	title={Locomotion: energy cost of swimming, flying, and running},
	author={Schmidt-Nielsen, Knut},
	journal={Science},
	volume={177},
	number={4045},
	pages={222--228},
	year={1972},
	publisher={JSTOR}
}

@article{pyke1981optimal,
	title={Optimal travel speeds of animals},
	author={Pyke, Graham H},
	journal={The American Naturalist},
	volume={118},
	number={4},
	pages={475--487},
	year={1981},
	publisher={University of Chicago Press}
}

@article{miller2014amur,
	title={Amur tiger (Panthera tigris altaica) energetic requirements: Implications for conserving wild tigers},
	author={Miller, CS and Hebblewhite, M and Petrunenko, YK and Seryodkin, IV and Goodrich, JM and Miquelle, DG},
	journal={Biological Conservation},
	volume={170},
	pages={120--129},
	year={2014},
	publisher={Elsevier}
}

@article{werner1993ecological,
	title={Ecological consequences of the trade-off between growth and mortality rates mediated by foraging activity},
	author={Werner, Earl E and Anholt, Bradley R},
	journal={The American Naturalist},
	volume={142},
	number={2},
	pages={242--272},
	year={1993},
	publisher={University of Chicago Press}
}

@article{graham2009movement,
	title={The movement of African elephants in a human-dominated land-use mosaic},
	author={Graham, Max D and Douglas-Hamilton, Iain and Adams, William M and Lee, Phyllis C},
	journal={Animal conservation},
	volume={12},
	number={5},
	pages={445--455},
	year={2009},
	publisher={Wiley Online Library}
}

@article{rowcliffe2012bias,
	title={Bias in estimating animal travel distance: the effect of sampling frequency},
	author={Rowcliffe, JM and Carbone, C and Kays, R and Kranstauber, B and Jansen, PA},
	journal={Methods in Ecology and Evolution},
	volume={3},
	number={4},
	pages={653--662},
	year={2012}
}

